<?xml version="1.0" encoding="UTF-8"?><collection xmlns="http://www.loc.gov/MARC21/slim"><record><leader>00513nam--2200157-u-4500</leader><controlfield tag="001">000056341</controlfield><controlfield tag="002">20161230</controlfield><controlfield tag="005">20161230201052</controlfield><controlfield tag="008">150714s1000------------r-----000-0-eng-d</controlfield><datafield ind1=" " ind2=" " tag="040"><subfield code="a">IFIN-HH</subfield></datafield><datafield ind1="1" ind2=" " tag="100"><subfield code="a">Russenschuck, Stephan</subfield></datafield><datafield ind1="1" ind2="0" tag="245"><subfield code="a">Field computation for accelerator magnets</subfield><subfield code="b">Analytical and numerical methods for electromagnetic design and optimization</subfield><subfield code="c">Stephan russenschick</subfield></datafield><datafield ind1=" " ind2=" " tag="260"><subfield code="a">Weinheim</subfield><subfield code="b">Wiley-vch Verlag</subfield><subfield code="c">2010</subfield></datafield><datafield ind1=" " ind2=" " tag="300"><subfield code="a">XX+757P</subfield></datafield><datafield ind1=" " ind2=" " tag="852"><subfield code="a">82423</subfield><subfield code="c">621.384.6</subfield></datafield><datafield ind1=" " ind2=" " tag="CAT"><subfield code="a">Sys</subfield><subfield code="c">20150714</subfield><subfield code="h">151537</subfield></datafield></record></collection>